%% This BibTeX bibliography file was created using BibDesk.
%% http://bibdesk.sourceforge.net/


%% Created for Lauro Cesar Araujo at 2015-04-27 19:43:45 -0300 


%% Saved with string encoding Unicode (UTF-8) 

@manual{0,
  author = {ADAMS, J. STACY},
  title = {Inequity in social exchange. Advances in Experimental Social Psychology, .2 p.267-299},
  year = 1965
}

@manual{1,
	Author = {NIELSEN, J.J},
	Organization = {Morgan Kaufmann},
	Title = {Usability engineering},
	Year = {1993}
}

@manual{2,
	Author = {GARRET, J.J},
	Organization = {New Riders},
	Title = {The elements of user experience: user-centered design for the web and beyond},
	Year = {2010}
}

@manual{3,
	Author = {SCHNEIER, B.},
	Organization = {W. W. Norton & Company},
	Title = {Data and Goliath: the hidden battles to collect your data and control your world},
	Year = {2015}
}